@Article{Chatrchyan:1225105,
     author    = "",
     collaboration    = "CMS",
     title     = "{Identification and Filtering of Uncharacteristic Noise in the CMS Hadron Calorimeter}",
     journal   = "CMS-CFT",
     volume    = "09-019",
     year      = "2009",
     pages     = "",
     eprint    = "0911.4881",
     archivePrefix = "",
     SLACcitation  = ""
}
@Article{ECALAt7TeV,
     author    = "",
     collaboration    = "CMS",
     title     = "{Electromagnetic calorimeter commissioning and performance with 7 TeV data}",
     journal   = "CMS PAS",
     volume    = "EGM-10-002",
     year      = "2010",
     pages     = "",
     eprint    = "",
     archivePrefix = "",
     SLACcitation  = ""
}
@Article{HFDN,
     author    = "F. Chlebana, et al.",
     collaboration    = "CMS",
     title     = "{Optimization and Performance of HF PMT Hit Cleaning Algorithms Developed Using pp Collision Data at sqrt(s)=0.9, 2.36 and 7~TeV}",
     journal   = "CMS Detector Note",
     volume    = "DN-2010/008",
     year      = "2010",
     pages     = "",
     eprint    = "",
     archivePrefix = "",
     SLACcitation  = ""
}
@Article{HCALWGNOTE,
     author    = "The HCAL DPG noise WG members",
     collaboration    = "CMS",
     title     = "{HCAL Noise Working Group Summary for CMS Summer 2010 analyses}",
     journal   = "CMS Analysis Note",
     volume    = "AN-2010/165",
     year      = "2010",
     pages     = "",
     eprint    = "",
     archivePrefix = "",
     SLACcitation  = ""
}
@Article{BEAMHALONOTE,
     author    = "D.Acosta, et al.",
     collaboration    = "CMS",
     title     = "{Beam Halo Event Identification in CMS Using the CSCs, ECAL, and HCAL}",
     journal   = "CMS Analysis Note",
     volume    = "AN-2010/111",
     year      = "2010",
     pages     = "",
     eprint    = "",
     archivePrefix = "",
     SLACcitation  = ""
}
@Article{TRKPAS2010,
     author    = "",
     collaboration    = "CMS",
     title     = "{Tracking and Primary Vertex Results in First 7 TeV Collisions}",
     journal   = "CMS PAS",
     volume    = "TRK-10-005",
     year      = "2010",
     pages     = "",
     eprint    = "",
     archivePrefix = "",
     SLACcitation  = ""
}
@Article{FireworksLink,
     author    = "",
     collaboration    = "CMS",
     title     = "{Physics Analysis Oriented Event Display ( Fireworks / cmsShow )}",
     journal   = "CMS Twiki",
     volume    = "https://twiki.cern.ch/twiki/bin/viewauth/CMS/WorkBookFireworks",
     year      = "",
     pages     = "",
     eprint    = "",
     archivePrefix = "",
     SLACcitation  = ""
}
@Article{PFPAS2010,
     author    = "",
     collaboration    = "CMS",
     title     = "{Commissioning of the Particle-Flow reconstruction in Minimum-Bias and Jet Events from pp Collisions at 7 TeV}",
     journal   = "CMS PAS",
     volume    = "PFT-10-002",
     year      = "2010",
     pages     = "",
     eprint    = "",
     archivePrefix = "",
     SLACcitation  = ""
}

