@article{1748-0221-3-08-S08003,
  author="{ATLAS Collaboration}",
  title="{The ATLAS Experiment at the CERN Large Hadron Collider}",
  journal="JINST",
  volume="3",
  number="08",
  pages="S08003",
  doi="10.1088/1748-0221/3/08/S08003",
  year="2008",
}

@article{Chatrchyan:2008aa,
      author         = "{CMS Collaboration}",
      title          = "{The CMS experiment at the CERN LHC}",
      journal        = "JINST",
      volume         = "3",
      pages          = "S08004",
      doi            = "10.1088/1748-0221/3/08/S08004",
      year           = "2008",
}

@article{Altarelli:1989ff,
      author         = "Altarelli, Guido and Mele, B. and Ruiz-Altaba, M.",
      title          = "{Searching for New Heavy Vector Bosons in $p \bar{p}$
                        Colliders}",
      journal        = "Z.Phys.",
      volume         = "C45",
      pages          = "109",
      doi            = "10.1007/BF01552335, 10.1007/BF01556677",
      year           = "1989",
}

@article{Kaplan:1983fs,
      author         = "Kaplan, David B. and Georgi, Howard",
      title          = "{SU(2) x U(1) Breaking by Vacuum Misalignment}",
      journal        = "Phys.Lett.",
      volume         = "B136",
      pages          = "183",
      doi            = "10.1016/0370-2693(84)91177-8",
      year           = "1984",
}

@article{Contino:2006nn,
      author         = "Contino, Roberto and Kramer, Thomas and Son, Minho and
                        Sundrum, Raman",
      title          = "{Warped/composite phenomenology simplified}",
      journal        = "JHEP",
      volume         = "0705",
      pages          = "074",
      doi            = "10.1088/1126-6708/2007/05/074",
      year           = "2007",
      eprint         = "hep-ph/0612180",
      archivePrefix  = "arXiv",
      primaryClass   = "hep-ph",
}

@article{Giudice:2007fh,
      author         = "Giudice, G.F. and Grojean, C. and Pomarol, A. and
                        Rattazzi, R.",
      title          = "{The Strongly-Interacting Light Higgs}",
      journal        = "JHEP",
      volume         = "0706",
      pages          = "045",
      doi            = "10.1088/1126-6708/2007/06/045",
      year           = "2007",
      eprint         = "hep-ph/0703164",
      archivePrefix  = "arXiv",
      primaryClass   = "hep-ph",
}

@article{Randall:1999ee,
      author         = "Randall, Lisa and Sundrum, Raman",
      title          = "{A Large mass hierarchy from a small extra dimension}",
      journal        = "Phys.Rev.Lett.",
      volume         = "83",
      pages          = "3370-3373",
      doi            = "10.1103/PhysRevLett.83.3370",
      year           = "1999",
      eprint         = "hep-ph/9905221",
      archivePrefix  = "arXiv",
      primaryClass   = "hep-ph",
}

@article{Agashe:2007zd,
      author         = "Agashe, Kaustubh and Davoudiasl, Hooman and Perez, Gilad
                        and Soni, Amarjit",
      title          = "{Warped Gravitons at the LHC and Beyond}",
      journal        = "Phys.Rev.",
      volume         = "D76",
      pages          = "036006",
      doi            = "10.1103/PhysRevD.76.036006",
      year           = "2007",
      eprint         = "hep-ph/0701186",
      archivePrefix  = "arXiv",
      primaryClass   = "hep-ph",

}

@article{Fitzpatrick:2007qr,
      author         = "Fitzpatrick, A. Liam and Kaplan, Jared and Randall, Lisa
                        and Wang, Lian-Tao",
      title          = "{Searching for the Kaluza-Klein Graviton in Bulk RS
                        Models}",
      journal        = "JHEP",
      volume         = "0709",
      pages          = "013",
      doi            = "10.1088/1126-6708/2007/09/013",
      year           = "2007",
      eprint         = "hep-ph/0701150",
      archivePrefix  = "arXiv",
      primaryClass   = "hep-ph",
}

@article{Antipin:2007pi,
      author         = "Antipin, Oleg and Atwood, David and Soni, Amarjit",
      title          = "{Search for RS gravitons via W(L)W(L) decays}",
      journal        = "Phys.Lett.",
      volume         = "B666",
      pages          = "155-161",
      doi            = "10.1016/j.physletb.2008.07.009",
      year           = "2008",
      eprint         = "0711.3175",
      archivePrefix  = "arXiv",
      primaryClass   = "hep-ph",
}

@article{Aad:2014yja,
      author         = "{ATLAS Collaboration}",
      title          = "{Search for Higgs Boson Pair Production in the
                        $\gamma\gamma b\bar{b}$ Final State using $pp$ Collision
                        Data at $\sqrt{s}=8$TeV from the ATLAS Detector}",
      year           = "2014",
      eprint         = "1406.5053",
      archivePrefix  = "arXiv",
      primaryClass   = "hep-ex",
}

@article{CMS:2014ipa,
      author         = "{CMS Collaboration}",
      title          = "{Search for the resonant production of two Higgs bosons
                        in the final state with two photons and two bottom
                        quarks}",
      year           = "2014",
      volume   = ", CMS-PAS-HIG-13-032",
}

@article{CMS:2013eua,
      author         = "{CMS Collaboration}",
      title          = "{Search for extended Higgs sectors in the H to hh and A
                        to Zh channels in sqrt(s) = 8 TeV pp collisions with
                        multileptons and photons final states}",
      year           = "2013",
      volume   = ", CMS-PAS-HIG-13-025",
}

@article{Aad:2014yja,
      author         = "{ATLAS Collaboration}",
      title          = "{Search for Higgs Boson Pair Production in the
                        $\gamma\gamma b\bar{b}$ Final State using $pp$ Collision
                        Data at $\sqrt{s}=8$TeV from the ATLAS Detector}",
      year           = "2014",
      eprint         = "1406.5053",
      archivePrefix  = "arXiv",
      primaryClass   = "hep-ex",
}

@article{CMS:2014eda,
      author         = "{CMS Collaboration}",
      title          = "{Search for di-Higgs resonances decaying to 4 bottom
                        quarks}",
      year           = "2014",
      volume   = ", CMS-PAS-HIG-14-013",
}

@article{Branco:2011iw,
      author         = "Branco, G.C. and Ferreira, P.M. and Lavoura, L. and
                        Rebelo, M.N. and Sher, Marc and others",
      title          = "{Theory and phenomenology of two-Higgs-doublet models}",
      journal        = "Phys.Rept.",
      volume         = "516",
      pages          = "1-102",
      doi            = "10.1016/j.physrep.2012.02.002",
      year           = "2012",
      eprint         = "1106.0034",
      archivePrefix  = "arXiv",
      primaryClass   = "hep-ph",
}

@article{Krohn:2009th,
      author         = "Krohn, David and Thaler, Jesse and Wang, Lian-Tao",
      title          = "{Jet Trimming}",
      journal        = "JHEP",
      volume         = "1002",
      pages          = "084",
      doi            = "10.1007/JHEP02(2010)084",
      year           = "2010",
      eprint         = "0912.1342",
      archivePrefix  = "arXiv",
      primaryClass   = "hep-ph",
}

@article{Ellis:2009su,
      author         = "Ellis, Stephen D. and Vermilion, Christopher K. and
                        Walsh, Jonathan R.",
      title          = "{Techniques for improved heavy particle searches with jet
                        substructure}",
      journal        = "Phys.Rev.",
      volume         = "D80",
      pages          = "051501",
      doi            = "10.1103/PhysRevD.80.051501",
      year           = "2009",
      eprint         = "0903.5081",
      archivePrefix  = "arXiv",
      primaryClass   = "hep-ph",
}

@article{Ellis:2009me,
      author         = "Ellis, Stephen D. and Vermilion, Christopher K. and
                        Walsh, Jonathan R.",
      title          = "{Recombination Algorithms and Jet Substructure: Pruning
                        as a Tool for Heavy Particle Searches}",
      journal        = "Phys.Rev.",
      volume         = "D81",
      pages          = "094023",
      doi            = "10.1103/PhysRevD.81.094023",
      year           = "2010",
      eprint         = "0912.0033",
      archivePrefix  = "arXiv",
      primaryClass   = "hep-ph",
}

@article{Butterworth:2008iy,
      author         = "Butterworth, Jonathan M. and Davison, Adam R. and Rubin,
                        Mathieu and Salam, Gavin P.",
      title          = "{Jet substructure as a new Higgs search channel at the
                        LHC}",
      journal        = "Phys.Rev.Lett.",
      volume         = "100",
      pages          = "242001",
      doi            = "10.1103/PhysRevLett.100.242001",
      year           = "2008",
      eprint         = "0802.2470",
      archivePrefix  = "arXiv",
      primaryClass   = "hep-ph",
}

@article{Thaler:2010tr,
      author         = "Thaler, Jesse and Van Tilburg, Ken",
      title          = "{Identifying Boosted Objects with N-subjettiness}",
      journal        = "JHEP",
      volume         = "1103",
      pages          = "015",
      doi            = "10.1007/JHEP03(2011)015",
      year           = "2011",
      eprint         = "1011.2268",
      archivePrefix  = "arXiv",
      primaryClass   = "hep-ph",
}

@article{ATLAS:ATL-PHYS-PUB-2014-004,
      author         = "{ATLAS Collaboration}",
      title          = "{Performance of Boosted W Boson Identification with the ATLAS Detector}",
      year           = "2014",
      volume   = ", ATL-PHYS-PUB-2014-004",
}


@article{CMS:2013uea,
      author         = "{CMS Collaboration}",
      title          = "{Identifying Hadronically Decaying Vector Bosons Merged
                        into a Single Jet}",
      year           = "2013",
      volume   = ", CMS-PAS-JME-13-006",
}

@article{Khachatryan:2014hpa,
      author         = "{CMS Collaboration}",
      title          = "{Search for massive resonances in dijet systems
                        containing jets tagged as W or Z boson decays in pp
                        collisions at $ \sqrt{s} $ = 8 TeV}",
      journal        = "JHEP",
      volume         = "1408",
      pages          = "173",
      doi            = "10.1007/JHEP08(2014)173",
      year           = "2014",
      eprint         = "1405.1994",
      archivePrefix  = "arXiv",
      primaryClass   = "hep-ex",
}

@article{Aad:2014pha,
      author         = "{ATLAS Collaboration}",
      title          = "{Search for $WZ$ resonances in the fully leptonic channel
                        using $pp$ collisions at $\sqrt{s}$ = 8 TeV with the ATLAS
                        detector}",
      journal        = "Phys.Lett.",
      volume         = "B737",
      pages          = "223-243",
      doi            = "10.1016/j.physletb.2014.08.039",
      year           = "2014",
      eprint         = "1406.4456",
      archivePrefix  = "arXiv",
      primaryClass   = "hep-ex",
}

@article{Khachatryan:2014xja,
      author         = "{CMS Collaboration}",
      title          = "{Search for new resonances decaying via WZ to leptons in
                        proton-proton collisions at $\sqrt{s}$=8 TeV}",
      year           = "2014",
      eprint         = "1407.3476",
      archivePrefix  = "arXiv",
      primaryClass   = "hep-ex",
}

@article{CMS:2014onr,
      author         = "{CMS Collaboration}",
      title          = "{Search for an Higgs Like resonance in the diphoton mass
                        spectra above 150 GeV with 8 TeV data}",
      year           = "2014",
      volume   = ", CMS-PAS-HIG-14-006",
}

@article{Aad:2014fha,
      author         = "{ATLAS Collaboration}",
      title          = "{Search for new resonances in $W\gamma$ and $Z\gamma$
                        Final States in $pp$ Collisions at $\sqrt{s}=8$ TeV with
                        the ATLAS Detector}",
      year           = "2014",
      eprint         = "1407.8150",
      archivePrefix  = "arXiv",
      primaryClass   = "hep-ex",
}

@article{Khachatryan:2014jya,
      author         = "{CMS Collaboration}",
      title          = "{Searches for heavy scalar and pseudoscalar Higgs bosons
                        and for flavor-violating decays of the top quark into a
                        Higgs boson in pp collisions at sqrt(s) = 8 TeV}",
      year           = "2014",
      eprint         = "1410.2751",
      archivePrefix  = "arXiv",
      primaryClass   = "hep-ex",
      reportNumber   = "CMS-HIG-13-025, CERN-PH-EP-2014-239",
      SLACcitation   = "%%CITATION = ARXIV:1410.2751;%%",
}

@article{Pappadopulo:2014qza,
      author         = "Pappadopulo, Duccio and Thamm, Andrea and Torre, Riccardo
                        and Wulzer, Andrea",
      title          = "{Heavy Vector Triplets: Bridging Theory and Data}",
      journal        = "JHEP",
      volume         = "1409",
      pages          = "060",
      doi            = "10.1007/JHEP09(2014)060",
      year           = "2014",
      eprint         = "1402.4431",
      archivePrefix  = "arXiv",
      primaryClass   = "hep-ph",
}

@article{Susskind:1978ms,
      author         = "Susskind, Leonard",
      title          = "{Dynamics of Spontaneous Symmetry Breaking in the
                        Weinberg-Salam Theory}",
      journal        = "Phys.Rev.",
      volume         = "D20",
      pages          = "2619-2625",
      doi            = "10.1103/PhysRevD.20.2619",
      year           = "1979",
}

@article{Lane:1999uh,
      author         = "Lane, Kenneth D.",
      title          = "{Technihadron production and decay in low scale
                        technicolor}",
      journal        = "Phys.Rev.",
      volume         = "D60",
      pages          = "075007",
      doi            = "10.1103/PhysRevD.60.075007",
      year           = "1999",
      eprint         = "hep-ph/9903369",
      archivePrefix  = "arXiv",
      primaryClass   = "hep-ph",
}

@article{Eichten:2007sx,
      author         = "Eichten, Estia and Lane, Kenneth",
      title          = "{Low-scale technicolor at the Tevatron and LHC}",
      journal        = "Phys.Lett.",
      volume         = "B669",
      pages          = "235-238",
      doi            = "10.1016/j.physletb.2008.09.047",
      year           = "2008",
      eprint         = "0706.2339",
      archivePrefix  = "arXiv",
      primaryClass   = "hep-ph",
}

@article{Khachatryan:2014gha,
      author         = "{CMS Collaboration}",
      title          = "{Search for massive resonances decaying into pairs of
                        boosted bosons in semi-leptonic final states at $\sqrt{s}
                        =$ 8 TeV}",
      journal        = "JHEP",
      volume         = "1408",
      pages          = "174",
      doi            = "10.1007/JHEP08(2014)174",
      year           = "2014",
      eprint         = "1405.3447",
      archivePrefix  = "arXiv",
      primaryClass   = "hep-ex",
}

@article{Aad:2014xka,
      author         = "{ATLAS Collaboration}",
      title          = "{Search for resonant diboson production in the $\ell\ell
                        q\bar{q}$ final state in pp collisions at $\sqrt{s} = 8$
                        TeV with the ATLAS detector}",
      year           = "2014",
      eprint         = "1409.6190",
      archivePrefix  = "arXiv",
      primaryClass   = "hep-ex",
}