@Article{CMS:AN_2007_041,
     author    = "Esen, Selda and others",
     collaboration    = "",
     title     = "{$\etmiss$ Performance in CMS}",
     journal   = "CMS AN",
     volume    = "2007/041",
     year      = "2007",
     pages     = "",
     eprint    = "",
     archivePrefix = "",
     SLACcitation  = ""
}
@Article{CMS:AN_2008_089,
     author    = "Landsberg, Greg and others",
     collaboration    = "",
     title     = "{MET Reconstruction, Performance, and Validation}",
     journal   = "CMS AN",
     volume    = "2008/089",
     year      = "2008",
     pages     = "",
     eprint    = "",
     archivePrefix = "",
     SLACcitation  = ""
}
@Article{BSCTwiki,
     author    = "G. Veres and others",
     collaboration    = "",
     title     = "{Beam Scintillator Counters (BSC) Trigger}",
     journal   = "\href{https://twiki.cern.ch/twiki/bin/view/CMS/BSCTrigger}
                       {https://twiki.cern.ch/twiki/bin/view/CMS/BSCTrigger}",
     volume    = "",
     year      = "",
     pages     = "",
     eprint    = "",
     archivePrefix = "",
     SLACcitation  = ""
}
@Article{ref:HaloTrig,
     author    = "Acosta, D. E. and others",
     collaboration    = "",
     title     = "{The CSC Beam Halo Muon Trigger in CMS}",
     journal   = "CMS IN",
     volume    = "2008/041",
     year      = "2008",
     pages     = "",
     eprint    = "",
     archivePrefix = "",
     SLACcitation  = ""
}
@Article{Chatrchyan:1225105,
     author    = "",
     collaboration    = "CMS",
     title     = "{Identification and Filtering of Uncharacteristic Noise in the CMS Hadron Calorimeter}",
     journal   = "CMS-CFT",
     volume    = "09-019",
     year      = "2009",
     pages     = "",
     eprint    = "0911.4881",
     archivePrefix = "",
     SLACcitation  = ""
}
@Article{HCALNoiseTwiki,
     author    = "Chou, John Paul",
     collaboration    = "",
     title     = "{Hcal Noise Info Library}",
     journal   = "\href{https://twiki.cern.ch/twiki/bin/view/CMS/HcalNoiseInfoLibrary}
                       {https://twiki.cern.ch/twiki/bin/view/CMS/HcalNoiseInfoLibrary}",
     volume    = "",
     year      = "",
     pages     = "",
     eprint    = "",
     archivePrefix = "",
     SLACcitation  = ""
}
@Article{CMS:AN-2009-025,
     author    = "Rogan, C. and others",
     collaboration    = "",
     title     = "{Uncorrected Calorimeter MET decomposition using the CMS tracker and the LHC commisioning
                   data at $\sqrt{s}=900$, $2360$ GeV}",
     journal   = "CMS AN",
     volume    = "2009/025",
     year      = "2009",
     pages     = "",
     eprint    = "",
     archivePrefix = "",
     SLACcitation  = ""
}
@Article{CMS:PAS-EWK-008-06,
     author    = "",
     collaboration    = "CMS",
     title     = "{Study of Z production in association with jets in proton proton collisions at $\sqrt{s}=10$~TeV
                   with the CMS detector at the CERN LHC}",
     journal   = "CMS PAS EWK",
     volume    = "2008/006",
     year      = "2008",
     pages     = "",
     eprint    = "",
     archivePrefix = "",
     SLACcitation  = ""
}
@Article{ref:ECALSpikes1,
     author    = "",
     collaboration    = "CMS",
     title     = "{ECAL DPG Topical Meeting: ECAL single crystal noise}",
     journal   = "\href{http://indico.cern.ch/conferenceDisplay.py?confId=79613}
                       {http://indico.cern.ch/conferenceDisplay.py?confId=79613}",
     volume    = "",
     year      = "12 Jan 2010",
     pages     = "",
     eprint    = "",
     archivePrefix = "",
     SLACcitation  = ""
}
@Article{ref:ECALSpikes2,
     author    = "",
     collaboration    = "CMS",
     title     = "{CMS General Weekly Meeting: Status Report on ECAL spike events}",
     journal   = "\href{http://indico.cern.ch/conferenceDisplay.py?confId=81371}
                       {http://indico.cern.ch/conferenceDisplay.py?confId=81371}",
     volume    = "",
     year      = "10 Feb 2010",
     pages     = "",
     eprint    = "",
     archivePrefix = "",
     SLACcitation  = ""
}
@Article{ref:LumiWithHF,
     author    = "",
     collaboration    = "CMS Lumi Group",
     title     = "{Delivered Recorded Luminosity for CMS 2009}",
     journal   = "\href{https://twiki.cern.ch/twiki/bin/viewauth/CMS/LumiWiki\_CurrentLumi}
                       {https://twiki.cern.ch/twiki/bin/viewauth/CMS/LumiWiki\_CurrentLumi}",
     volume    = "",
     year      = "",
     pages     = "",
     eprint    = "",
     archivePrefix = "",
     SLACcitation  = ""
}
