%%%%%%%%
@Article{PhysRevLett.19.1264,
  title = {A Model of Leptons},
  author = {Weinberg, Steven },
  journal = {Phys. Rev. Lett.},
  volume = {19},
  number = {21},
  pages = {1264--1266},
  numpages = {2},
  year = {1967},
  month = {Nov},
  doi = {10.1103/PhysRevLett.19.1264},
  publisher = {American Physical Society}
}
%%%%%%%%%%
%%%%%%%%%%

@Article{Martin:1997ns,
     author    = "Martin, Stephen P.",
     title     = "{A Supersymmetry Primer}",
     year      = "1997",
     eprint    = "hep-ph/9709356",
     archivePrefix = "arXiv",
     SLACcitation  = "%%CITATION = HEP-PH/9709356;%%"
}
%%%%%%%%%%
%%%%%%%%%%

@Article{Aad:2009wy,
     author    = "Aad, G. and others",
 collaboration = "The ATLAS",
     title     = "{Expected Performance of the ATLAS Experiment - Detector,
                  Trigger and Physics}",
     year      = "2009",
     eprint    = "0901.0512",
     archivePrefix = "arXiv",
     primaryClass  =  "Unknown",
     SLACcitation  = "%%CITATION = 0901.0512;%%"
}
%%%%%%%%%%
%%%%%%%%%%

@Article{Bayatian:2006zz,
     author    = "Bayatian, G. L. and others",
 collaboration = "CMS",
     title     = "{CMS physics: Technical design report}",
     note     = "CERN-LHCC-2006-001"
}

%%%%%%%%%%
%%%%%%%%%%
@Article{Ball:2007zza,
     author    = "Bayatian, G. L. and others",
     collaboration = "CMS",
     title     = "{CMS technical design report, volume II: Physics
                  performance}",
     journal   = "J. Phys.",
     volume    = "G34",
     year      = "2007",
     pages     = "995-1579",
     doi       = "10.1088/0954-3899/34/6/S01",
     SLACcitation  = "%%CITATION = JPHGB,G34,995;%%"
}
%%%%%%%%%%
%%%%%%%%%%
@Article{Georgi:1974sy,
     author    = "Georgi, H. and Glashow, S. L.",
     title     = "{Unity of All Elementary Particle Forces}",
     journal   = "Phys. Rev. Lett.",
     volume    = "32",
     year      = "1974",
     pages     = "438-441",
     doi       = "10.1103/PhysRevLett.32.438",
     SLACcitation  = "%%CITATION = PRLTA,32,438;%%"
}

%%%%%%%%
%%%%%%%%
@Article{ArkaniHamed:2001nc,
     author    = "Arkani-Hamed, Nima and Cohen, Andrew G. and Georgi, Howard
                  ",
     title     = "{Electroweak symmetry breaking from dimensional
                  deconstruction}",
     journal   = "Phys. Lett.",
     volume    = "B513",
     year      = "2001",
     pages     = "232-240",
     eprint    = "hep-ph/0105239",
     archivePrefix = "arXiv",
     doi       = "10.1016/S0370-2693(01)00741-9",
     SLACcitation  = "%%CITATION = HEP-PH/0105239;%%"
}

%%%%%%%
%%%%%%%
@Article{Randall:1999ee,
     author    = "Randall, Lisa and Sundrum, Raman",
     title     = "{A large mass hierarchy from a small extra dimension}",
     journal   = "Phys. Rev. Lett.",
     volume    = "83",
     year      = "1999",
     pages     = "3370-3373",
     eprint    = "hep-ph/9905221",
     archivePrefix = "arXiv",
     doi       = "10.1103/PhysRevLett.83.3370",
     SLACcitation  = "%%CITATION = HEP-PH/9905221;%%"
}

%%%%%%%%
%%%%%%%%
@Article{Lane:1999uh,
     author    = "Lane, Kenneth D.",
     title     = "{Technihadron production and decay in low-scale
                  technicolor}",
     journal   = "Phys. Rev.",
     volume    = "D60",
     year      = "1999",
     pages     = "075007",
     eprint    = "hep-ph/9903369",
     archivePrefix = "arXiv",
     doi       = "10.1103/PhysRevD.60.075007",
     SLACcitation  = "%%CITATION = HEP-PH/9903369;%%"
}


%%%%%%%
%%%%%%%
@Article{Aaltonen:2008vx,
     author    = "Aaltonen, T. and others",
 collaboration = "CDF",
     title     = "{Search for High-Mass $e^+$ e- Resonances in $p \bar{p}$
                  Collisions at $\sqrt{s}$ = 1.96-TeV}",
     journal   = "Phys. Rev. Lett.",
     volume    = "102",
     year      = "2009",
     pages     = "031801",
     eprint    = "0810.2059",
     archivePrefix = "arXiv",
     primaryClass  =  "hep-ex",
     doi       = "10.1103/PhysRevLett.102.031801",
     SLACcitation  = "%%CITATION = 0810.2059;%%"
}


%%%%%%%%%%%
%%%%%%%%%%%
@Article{Aaltonen:2008ah,
     author    = "Aaltonen, T. and others",
 collaboration = "CDF",
     title     = "{A search for high-mass resonances decaying to dimuons at
                  CDF}",
     journal   = "Phys. Rev. Lett.",
     volume    = "102",
     year      = "2009",
     pages     = "091805",
     eprint    = "0811.0053",
     archivePrefix = "arXiv",
     primaryClass  =  "hep-ex",
     doi       = "10.1103/PhysRevLett.102.091805",
     SLACcitation  = "%%CITATION = 0811.0053;%%"
}

%%%%
%%%%%%%
@Article{Abazov:2007ra,
     author    = "Abazov, V. M. and others",
 collaboration = "D0",
     title     = "{Search for Randall-Sundrum gravitons with 1 $fb^{-1}$ of
                  data from $p \bar{p}$ collisions at $\sqrt{s}$ = 1.96-
                  TeV}",
     journal   = "Phys. Rev. Lett.",
     volume    = "100",
     year      = "2008",
     pages     = "091802",
     eprint    = "0710.3338",
     archivePrefix = "arXiv",
     primaryClass  =  "hep-ex",
     doi       = "10.1103/PhysRevLett.100.091802",
     SLACcitation  = "%%CITATION = 0710.3338;%%"
}

%%%%%%%%%%%
%%%%%%%%%%%
@Article{HEEPNOTE,
     author    = "",
     collaboration = "CMS",
     title     = "{Search for high mass resonance production decaying into an electron pair in the CMS experiment}",
     journal   = "CMS PAS",
     volume    = "EXO-08-001",
     year      = "2009",
     pages     = "",
     eprint    = "",
     archivePrefix = "",
     SLACcitation  = ""
}


@Article{DiLepResonancesATLAS,
     author    = "",
     collaboration = "ATLAS",
     title     = "{Dilepton Resonances at High Mass}",
 %    journal   = "CMS PAS",
     volume    = "ATL-PHYS-PUB-2009-070",
     year      = "2009",
     pages     = "",
     eprint    = "",
     archivePrefix = "",
     SLACcitation  = ""
}

%%%%%%%%%
%%%%%%%%%
@Article{Baur:1989kv,
     author    = "Baur, U. and Spira, M. and Zerwas, P. M.",
     title     = "{EXCITED QUARK AND LEPTON PRODUCTION AT HADRON COLLIDERS}",
     journal   = "Phys. Rev.",
     volume    = "D42",
     year      = "1990",
     pages     = "815-824",
     doi       = "10.1103/PhysRevD.42.815",
     SLACcitation  = "%%CITATION = PHRVA,D42,815;%%"
}

%%%%%%%%
%%%%%%%%%
@Article{Bagger:1987fz,
     author    = "Bagger, Jonathan and Schmidt, Carl and King, Stephen",
     title     = "{AXIGLUON PRODUCTION IN HADRONIC COLLISIONS}",
     journal   = "Phys. Rev.",
     volume    = "D37",
     year      = "1988",
     pages     = "1188",
     doi       = "10.1103/PhysRevD.37.1188",
     SLACcitation  = "%%CITATION = PHRVA,D37,1188;%%"
}

%%%%%%%%
%%%%%%%%
@Article{Angelopoulos:1986uq,
     author    = "Angelopoulos, V. D. and others",
     title     = "{SEARCH FOR NEW QUARKS SUGGESTED BY THE SUPERSTRING}",
     journal   = "Nucl. Phys.",
     volume    = "B292",
     year      = "1987",
     pages     = "59",
     doi       = "10.1016/0550-3213(87)90637-7",
     SLACcitation  = "%%CITATION = NUPHA,B292,59;%%"
}

%%%%%%%%%%
%%%%%%%%%%
@Article{Eichten:1983hw,
     author    = "Eichten, E. and Lane, Kenneth D. and Peskin, Michael Edward
                  ",
     title     = "{New Tests for Quark and Lepton Substructure}",
     journal   = "Phys. Rev. Lett.",
     volume    = "50",
     year      = "1983",
     pages     = "811-814",
     doi       = "10.1103/PhysRevLett.50.811",
     SLACcitation  = "%%CITATION = PRLTA,50,811;%%"
}

%%%%%%%%
%%%%%%%%
@Article{DIJETSNOTE,
     author    = "",
     collaboration = "CMS",
     title     = "{CMS Search Plans and Sensitivity to New Physics using Dijets}",
     journal   = "CMS PAS",
     volume    = "SBM-07-001",
     year      = "2007",
     pages     = "",
     eprint    = "",
     archivePrefix = "",
     SLACcitation  = ""
}

%%%%%%%
%%%%%%%
@Article{Abbott:1998wh,
     author    = "Abbott, B. and others",
 collaboration = "D0",
     title     = "{The dijet mass spectrum and a search for quark
                  compositeness in $\bar{p}p$ collisions at $\sqrt{s} = 1.8$
                  TeV}",
     journal   = "Phys. Rev. Lett.",
     volume    = "82",
     year      = "1999",
     pages     = "2457-2462",
     eprint    = "hep-ex/9807014",
     archivePrefix = "arXiv",
     doi       = "10.1103/PhysRevLett.82.2457",
     SLACcitation  = "%%CITATION = HEP-EX/9807014;%%"
}

%%%%%%%
%%%%%%%
@Article{Acosta:1999ws,
     author    = "Acosta, D. E. and Blessing, Susan K.",
     title     = "{Leptoquark searches at HERA and the Tevatron}",
     journal   = "Ann. Rev. Nucl. Part. Sci.",
     volume    = "49",
     year      = "1999",
     pages     = "389-434",
     doi       = "10.1146/annurev.nucl.49.1.389",
     SLACcitation  = "%%CITATION = ARNUA,49,389;%%"
}

%%%%%%%%%
%%%%%%%%%
@Article{LQATLAS,
     author    = "",
     collaboration = "ATLAS",
     title     = "{Search for Leptoquark Pairs and Majorana Neutrinos from Right-Handed W Boson Decays in Dilepton-Jets Final States}",
%     journal   = "CMS PAS",
     volume    = "ATL-PHYS-PUB-2009-072",
     year      = "2009",
     pages     = "",
     eprint    = "",
     archivePrefix = "",
     SLACcitation  = ""
}

%%%%%%%
%%%%%%%
@Article{Abazov:2004mk,
     author    = "Abazov, V. M. and others",
 collaboration = "D0",
     title     = "{Search for first-generation scalar leptoquarks in $p                             
                  \bar{p}$ collisions at $\sqrt{s}$ = 1.96-TeV}",
     journal   = "Phys. Rev.",
     volume    = "D71",
     year      = "2005",
     pages     = "071104",
     eprint    = "hep-ex/0412029",
     archivePrefix = "arXiv",
     doi       = "10.1103/PhysRevD.71.071104",
     SLACcitation  = "%%CITATION = HEP-EX/0412029;%%"                                               
}

%%%%%%%
%%%%%%%
@Article{Fairbairn:2006gg,
     author    = "Fairbairn, M. and others",
     title     = "{Stable massive particles at colliders}",
     journal   = "Phys. Rept.",
     volume    = "438",
     year      = "2007",
     pages     = "1-63",
     eprint    = "hep-ph/0611040",
     archivePrefix = "arXiv",
     doi       = "10.1016/j.physrep.2006.10.002",
     SLACcitation  = "%%CITATION = HEP-PH/0611040;%%"
}

%%%%%%%%
%%%%%%%%
@Article{HSCP,
     author    = "",
     collaboration = "CMS",
     title     = "{Search for Heavy Stable Charged Particles with 100 inverse picobarns and 1 inverse femtobarn in the CMS experiment}",
     journal   = "CMS PAS",
     volume    = "EXO-08-003",
     year      = "2009",
     pages     = "",
     eprint    = "",
     archivePrefix = "",
     SLACcitation  = ""
}
