%------------------------------------------------------------------------------%
% sample.bib is a template ".bib" file for
% use with BiBTeX style file varenna.bst
%------------------------------------------------------------------------------%



@TECHREPORT{ref:pul,
  AUTHOR       = {Pulci, L.},
  TITLE        = {Another Title},
  INSTITUTION  = {INFN},
  YEAR         = {},
  address      = {},
  type         = {preprint},
  number       = {8181}
}

@INCOLLECTION{ref:bra,
  AUTHOR       = {Bragg, B.},
  EDITOR       = {First, A. and Second, B.},
  TITLE        = {Tender Comrade},
  booktitle    = {Workers Playtime},
  YEAR         = {1997},
  PUBLISHER    = {Unexeditor},
  address      = {Bologna},
  CHAPTER      = {},
  volume       = {},
  number       = {},
  series       = {},
  pages        = {1-10}
}


@InProceedings{Ratcliffe:1985rz,
     level     = "005",
     author    = "Ratcliffe, Philip George",
     title     = "Spin Asymmetries in Single Selectron Production at
                  Electron--Positron Colliders",
   institution = "Cavendish",
     crossref  = "Lynn:1986va",
     pages     = "399-410"
}

@ARTICLE{ref:abr,
  AUTHOR       = {Ahn, Changrim and Bellacosa, Marco and Ravanini, Francesco},
  TITLE        = {A Title},
  YEAR         = {2004},
  JOURNAL      = {Phys. Lett. B},
  volume       = {595},
  number       = {},
  pages        = {537},
  month        = {}
}

@Book{Barone:2003fy,
     author    = "Barone, Vincenzo and Ratcliffe, Philip George",
     title     = "Transverse Spin Physics",
     publisher = "World Sci.",
     year      = "2003"
}

@PhDThesis{Ratcliffe:1983a1,
     level     = "003",
     author    = "Ratcliffe, Philip George",
     title     = "The R{\^o}le of Spin Physics in Hadronic Interactions at Short
                  Distances",
     school    = "Scuola Internazionale di Studi Superiori
                  Avanzati---SISSA",
     address   = "Trieste",
     month     =  Sep,
     year      = "1983"
}

@InCollection{Adler:2004ih,
     author    = "Adler, Stephen L.",
     title     = "Anomalies",
     crossref  = "Francoise:2006b1",
     volume    = "1",
     pages     = "205-211",
     eprint    = "hep-th/0411038",

}


@Proceedings{deJager:1997sq,
     editor    = "de Jager, Cornelis W. and Ketel, Tjeerd J.
                  and Mulders, Piet J. and Oberski, J. E. J.
                  and Oskam-Tamboezer, Marijke",
 booktitle     = "The {XII} Int. Symp. on High-Energy Spin Physics",
     address   = "Amsterdam",
     publisher = "World Sci.",
     year      = "1997"
}


