@article{1748-0221-6-11-P11002,
  collaboration="{CMS}",
  title="Determination of jet energy calibration and transverse momentum resolution in {CMS}",
  journal="Journal of Instrumentation",
  volume="6",
  number="11",
  pages="P11002",
  url="http://stacks.iop.org/1748-0221/6/i=11/a=P11002",
  year="2011",
}

@techreport{ATLAS-CONF-2013-004,
  collaboration="ATLAS",
  title        = "Jet energy scale and its systematic uncertainty in
		  proton-proton collisions at sqrt(s)=7 {TeV} with ATLAS 2011
		  data",
  institution  = "CERN",
  number       = "ATLAS-CONF-2013-004",
  month        = "Jan",
  year         = "2013",
}

@article{Aad:2011he,
collaboration  = "{ATLAS}",
title          = "{Jet energy measurement with the {ATLAS} detector in
		  proton-proton collisions at $\sqrt{s}=7$ {TeV}}",
journal        = "Eur.Phys.J.",
volume         = "C73",
pages          = "2304",
doi            = "10.1140/epjc/s10052-013-2304-2",
year           = "2013",
eprint         = "1112.6426",
archivePrefix  = "arXiv",
primaryClass   = "hep-ex",
reportNumber   = "CERN-PH-EP-2011-191",
SLACcitation   = "%%CITATION = ARXIV:1112.6426;%%",
}	

@techreport{CMS-PAS-EXO-12-059,
collaboration  = "{CMS}",
title        = "Search for Narrow Resonances using the Dijet Mass Spectrum
		with 19.6fb-1 of pp Collisions at sqrts=8 {TeV}",
institution  = "CERN",
number       = "CMS-PAS-EXO-12-059",
year         = "2013",
}

@techreport{ATLAS-CONF-2012-148,
collaboration  = "{ATLAS}",
title        = "Search for New Phenomena in the Dijet Mass Distribution
		updated using 13.0 fb$^{-1}$ of $pp$ Collisions at $sqrt{s}=8$
		{TeV} collected by the {ATLAS} Detector",
institution  = "CERN",
number       = "ATLAS-CONF-2012-148",
month        = "Nov",
year         = "2012",
}

@techreport{CMS-PAS-EXO-12-023,
collaboration  = "{CMS}",
title        = "Search for Heavy Resonances Decaying into bb and bg Final
		States in pp Collisions at sqrt(s) =  8 {TeV}",
institution  = "CERN",
number       = "CMS-PAS-EXO-12-023",
year         = "2013",
}

@article{Chatrchyan2012329,
collaboration  = "{CMS}",
title = "Search for three-jet resonances in pp collisions at ",
journal = "Physics Letters B ",
volume = "718",
number = "2",
pages = "329 - 347",
year = "2012",
note = "",
issn = "0370-2693",
doi = "10.1016/j.physletb.2012.10.048",
url = "http://www.sciencedirect.com/science/article/pii/S0370269312011021",
}

@article{SUSYRPVATLAS,
collaboration  = "{ATLAS}",
year="2012",
journal="Journal of High Energy Physics",
volume="2012",
number="12",
doi="10.1007/JHEP12(2012)086",
title="Search for pair production of massive particles decaying into three quarks with the {ATLAS} detector in  $\sqrt{s}=7\;\mathrm{{TeV}}$ 
              pp collisions at the LHC",
url="http://dx.doi.org/10.1007/JHEP12%282012%29086",
publisher="Springer-Verlag",
keywords="Hadron-Hadron Scattering",
pages="1-42",
}

@article{TtbarResCMS,
collaboration  = "{CMS}",
year="2012",
journal="Journal of High Energy Physics",
volume="2012",
number="9",
doi="10.1007/JHEP09(2012)029",
title="Search for anomalous  $t\overline t$  production in the highly-boosted all-hadronic final state",
url="http://dx.doi.org/10.1007/JHEP09%282012%29029",
publisher="Springer-Verlag",
pages="1-41",
language="English"
}

@article{TTbarResATLAS,
collaboration  = "{ATLAS}",
year="2013",
journal="Journal of High Energy Physics",
volume="2013",
number="1",
doi="10.1007/JHEP01(2013)116",
title="Search for resonances decaying into top-quark pairs using fully hadronic decays in pp collisions with {ATLAS} at $\sqrt{s}$=7 {TeV}",
url="http://dx.doi.org/10.1007/JHEP01%282013%29116",
publisher="Springer-Verlag",
keywords="Hadron-Hadron Scattering",
pages="1-50",
language="English"
}

@article{Kaplan:2008ie,
author         = "Kaplan, David E. and Rehermann, Keith and Schwartz,
		  Matthew D. and Tweedie, Brock",
title          = "{Top Tagging: A Method for Identifying Boosted
		  Hadronically Decaying Top Quarks}",
journal        = "Phys.Rev.Lett.",
volume         = "101",
pages          = "142001",
doi            = "10.1103/PhysRevLett.101.142001",
year           = "2008",
eprint         = "0806.0848",
archivePrefix  = "arXiv",
primaryClass   = "hep-ph",
SLACcitation   = "%%CITATION = ARXIV:0806.0848;%%",
}

@article{Plehn:2010st,
author         = "Plehn, Tilman and Spannowsky, Michael and Takeuchi,
		  Michihisa and Zerwas, Dirk",
title          = "{Stop Reconstruction with Tagged Tops}",
journal        = "JHEP",
volume         = "1010",
pages          = "078",
doi            = "10.1007/JHEP10(2010)078",
year           = "2010",
eprint         = "1006.2833",
archivePrefix  = "arXiv",
primaryClass   = "hep-ph",
SLACcitation   = "%%CITATION = ARXIV:1006.2833;%%",
}

@techreport{ATLAS-CONF-2012-065,
collaboration  = "ATLAS",
title        = "Performance of large-R jets and jet substructure
		reconstruction with the ATLAS detector",
institution  = "CERN",
number       = "ATLAS-CONF-2012-065",
month        = "Jul",
year         = "2012",
}

@article{Almeida:2010pa,
author         = "Almeida, Leandro G. and Lee, Seung J. and Perez, Gilad
		  and Sterman, George and Sung, Ilmo",
title          = "{Template Overlap Method for Massive Jets}",
journal        = "Phys.Rev.",
volume         = "D82",
pages          = "054034",
doi            = "10.1103/PhysRevD.82.054034",
year           = "2010",
eprint         = "1006.2035",
archivePrefix  = "arXiv",
primaryClass   = "hep-ph",
reportNumber   = "YITP-SB-10-21",
SLACcitation   = "%%CITATION = ARXIV:1006.2035;%%",
}

@techreport{CMS-PAS-B2G-12-005,
collaboration  = "{CMS}",
title        = "Search for Anomalous Top Quark Pair Production in the
		Boosted All-Hadronic Final State using pp Collisions at
		sqrt(s) = 8 {TeV}",
institution  = "CERN",
number       = "CMS-PAS-B2G-12-005",
year         = "2013",
}

@techreport{CMS-PAS-B2G-12-006,
collaboration  = "{CMS}",
title        = "Search for ttbar resonances in semileptonic final state",
institution  = "CERN",
number       = "CMS-PAS-B2G-12-006",
year         = "2013",
}

@article{Chatrchyan:2012ypy,
collaboration  = "{CMS}",
title          = "{Search for heavy resonances in the W/Z-tagged dijet mass
		  spectrum in pp collisions at 7 {TeV}}",
year           = "2012",
reportNumber   = "CMS-EXO-11-095, CERN-PH-EP-2012-356",
eprint         = "1212.1910",
archivePrefix  = "arXiv",
primaryClass   = "hep-ex",
SLACcitation   = "%%CITATION = ARXIV:1212.1910;%%",
}


@techreport{CMS-PAS-JME-10-008,
collaboration  = "{CMS}",
title        = "Single-Particle Response in the {CMS} Calorimeters",
institution  = "CERN",
number       = "CMS-PAS-JME-10-008",
year         = "2010",
}

@article{Aad:2012vm,
collaboration  = "ATLAS",
title          = "{Single hadron response measurement and calorimeter jet
		  energy scale uncertainty with the ATLAS detector at the
		  LHC}",
journal        = "Eur.Phys.J.",
volume         = "C73",
pages          = "2305",
doi            = "10.1140/epjc/s10052-013-2305-1",
year           = "2013",
eprint         = "1203.1302",
archivePrefix  = "arXiv",
primaryClass   = "hep-ex",
reportNumber   = "CERN-PH-EP-2012-005",
SLACcitation   = "%%CITATION = ARXIV:1203.1302;%%",
}

@article{Cacciari:2008gd,
author         = "Cacciari, Matteo and Rojo, Juan and Salam, Gavin P. and
		  Soyez, Gregory",
title          = "{Quantifying the performance of jet definitions for
		  kinematic reconstruction at the LHC}",
journal        = "JHEP",
volume         = "0812",
pages          = "032",
doi            = "10.1088/1126-6708/2008/12/032",
year           = "2008",
eprint         = "0810.1304",
archivePrefix  = "arXiv",
primaryClass   = "hep-ph",
SLACcitation   = "%%CITATION = ARXIV:0810.1304;%%",
}


@article{Chatrchyan:2013rla,
collaboration  = " {CMS}",
title          = "{Studies of jet mass in dijet and W/Z+jet events}",
year           = "2013",
eprint         = "1303.4811",
archivePrefix  = "arXiv",
primaryClass   = "hep-ex",
reportNumber   = "CMS-SMP-12-019, CERN-PH-EP-2013-016",
SLACcitation   = "%%CITATION = ARXIV:1303.4811;%%",
}

@article{ATLAS:2012am,
collaboration  = "ATLAS",
title          = "{Jet mass and substructure of inclusive jets in
		  $\sqrt{s}=7$ {TeV} $pp$ collisions with the ATLAS
		  experiment}",
journal        = "JHEP",
volume         = "1205",
pages          = "128",
doi            = "10.1007/JHEP05(2012)128",
year           = "2012",
eprint         = "1203.4606",
archivePrefix  = "arXiv",
primaryClass   = "hep-ex",
reportNumber   = "CERN-PH-EP-2012-031",
SLACcitation   = "%%CITATION = ARXIV:1203.4606;%%",
}

@article{Cacciari:2008gp,
     author    = "Cacciari, Matteo and Salam, Gavin P. and Soyez, Gregory",
     title     = "The anti-k$_t$ jet clustering algorithm",
     journal   = "JHEP",
     volume    = "04",
     year      = "2008",
     pages     = "063",
     eprint    = "0802.1189",
     archivePrefix = "arXiv",
     primaryClass  =  "hep-ph",
     SLACcitation  = "%%CITATION = 0802.1189;%%"
}

@techreport{ATLAS-CONF-2013-052,
      title        = "A search for $t\bar{t}$ resonances in the lepton plus jets
                      final state with ATLAS using 14 fb$^{âˆ’1}$ of pp collisions
                      at $\sqrt{s}=8$ TeV",
      institution  = "CERN",
      address      = "Geneva",
      number       = "ATLAS-CONF-2013-052",
      month        = "May",
      year         = "2013",
}
